<?xml version="1.0" encoding="UTF-8"?><collection xmlns="http://www.loc.gov/MARC21/slim"><record><leader>00346nam--2200133-i-4500</leader><controlfield tag="001">000023920</controlfield><controlfield tag="002">20161230</controlfield><controlfield tag="005">20161230201035</controlfield><controlfield tag="008">060222s1000------------r-----000-0-eng-d</controlfield><datafield ind1=" " ind2=" " tag="080"><subfield code="a">621.396.62</subfield></datafield><datafield ind1=" " ind2=" " tag="100"><subfield code="a">Evans, G., Mcleish, C.W</subfield></datafield><datafield ind1=" " ind2=" " tag="245"><subfield code="a">Rf radiometer handbook.artech</subfield></datafield><datafield ind1=" " ind2=" " tag="260"><subfield code="a">Ottawa, National Research Council, 1977. 152p</subfield></datafield><datafield ind1=" " ind2=" " tag="852"><subfield code="a">48372</subfield></datafield></record></collection>